@book{rand2005atlas,
  title={Atlas shrugged},
  author={Rand, Ayn},
  year={2005},
  publisher={Penguin}
}

@book{heller1999catch,
  title={Catch-22: a novel},
  author={Heller, Joseph},
  volume={4},
  year={1999},
  publisher={Simon and Schuster}
}

@article{korotev2001new,
  title={A new look at the Apollo 11 regolith and KREEP},
  author={Korotev, Randy L and Gillis, Jeffrey J},
  journal={Journal of Geophysical Research: Planets},
  volume={106},
  number={E6},
  pages={12339--12353},
  year={2001},
  publisher={Wiley Online Library}
}
